@article{Bortolotti2006,
    title = {{A complex plumage pattern as an honest social signal}},
    year = {2006},
    journal = {Animal Behaviour},
    author = {Bortolotti, Gary R. and Blas, Julio and Negro, Juan J. and Tella, Jos√© L.},
    number = {2},
    pages = {423--430},
    volume = {72},
    isbn = {00033472 (ISSN)},
    doi = {10.1016/j.anbehav.2006.01.016},
    issn = {00033472},
    pmid = {1630}
}

@article{Minasny2006,
    title = {{A conditioned Latin hypercube method for sampling in the presence of ancillary information}},
    year = {2006},
    journal = {Computers {\&} Geosciences},
    author = {Minasny, Budiman and Mcbratney, Alex B},
    pages = {1378--1388},
    volume = {32},
    url = {http://ac.els-cdn.com/S009830040500292X/1-s2.0-S009830040500292X-main.pdf?_tid=813b89b4-471b-11e7-9bf1-00000aacb35e&acdnat=1496357091_d2061d09a2d7ff9f1fb6c16bc645f076},
    doi = {10.1016/j.cageo.2005.12.009},
    keywords = {Optimisation, Sampling design, Simulated annealing, Soil survey, Spatial design}
}

@article{Roudier2012,
    title = {{A conditioned Latin hypercube sampling algorithm incorporating operational constraints}},
    year = {2012},
    journal = {Digital Soil Assessments and Beyond},
    author = {Roudier, Pierre and Hewitt, Allan and Beaudette, Dylan},
    number = {January 2016},
    pages = {227--231},
    volume = {-},
    url = {http://www.crcnetbase.com/doi/10.1201/b12728-46},
    isbn = {9780415621557},
    doi = {10.1201/b12728-46}
}

@misc{Brade1956,
    title = {{A flora do Parque Nacional do Itatiaia.}},
    year = {1956},
    booktitle = {Boletim do Parque Nacional do Itatiaia N{\textordmasculine} 5},
    author = {Brade, A.C.},
    pages = {112},
    volume = {5}
}